@online{certificato_deposito_wiki,
title = {Certificati di deposito},
url = {https://it.wikipedia.org/wiki/Certificati_di_deposito},
urldate = {25/2/2016},
}
@online{fondo_comune_investimento,
url = {https://it.wikipedia.org/wiki/Fondo_comune_di_investimento},
}
@online{obpuk,
title = {How an open standard API could revolutionize banking.},
year = {2015},
url = {http://opensource.com/business/15/4/open-standard-api-banking},
}
@online{obp,
title = {Open Bank Project},
url = {https://openbankproject.com/},
}
@online{obparch,
title = {Open Bank Project Architecture},
url = {https://github.com/OpenBankProject/OBP-API/wiki/Open-Bank-Project-Architecture},
}
@online{totprfc,
title = {Based One Time Password, RFC 6238},
year = {2011},
url = {https://tools.ietf.org/html/rfc6238},
}